<?xml version="1.0" encoding="UTF-8"?><record xmlns="http://www.loc.gov/MARC21/slim" xmlns:cinclude="http://apache.org/cocoon/include/1.0" xmlns:zs="http://www.loc.gov/zing/srw/">
  <leader>00550cz  a2200157n  4500</leader>
  <controlfield tag="001">n  50017118 </controlfield>
  <controlfield tag="003">DLC</controlfield>
  <controlfield tag="005">20141208072528.0</controlfield>
  <controlfield tag="008">800709n| azannaab           |n aaa      </controlfield>
  <datafield tag="010" ind1=" " ind2=" ">
    <subfield code="a">n  50017118 </subfield>
  </datafield>
  <datafield tag="040" ind1=" " ind2=" ">
    <subfield code="a">DLC</subfield>
    <subfield code="b">eng</subfield>
    <subfield code="e">rda</subfield>
    <subfield code="c">DLC</subfield>
    <subfield code="d">DLC</subfield>
  </datafield>
  <datafield tag="046" ind1=" " ind2=" ">
    <subfield code="f">1934</subfield>
  </datafield>
  <datafield tag="100" ind1="1" ind2=" ">
    <subfield code="a">Yamaguchi, Hiroshi,</subfield>
    <subfield code="d">1934-</subfield>
  </datafield>
  <datafield tag="670" ind1=" " ind2=" ">
    <subfield code="a">His Atarashii kanjō dōmyaku zōei hō, 1974.</subfield>
  </datafield>
  <datafield tag="670" ind1=" " ind2=" ">
    <subfield code="a">Kenkyūsha sōran, shizen, 1979:</subfield>
    <subfield code="b">p. 3233 (Yamaguchi Hiroshi; b. 8/16/34; w. Okinaka Kinen Seijinbyō Kenkyūjo)</subfield>
  </datafield>
  <datafield tag="670" ind1=" " ind2=" ">
    <subfield code="a">Information from 678 converted Dec. 8, 2014</subfield>
    <subfield code="b">(M.D.)</subfield>
  </datafield>
</record>